<?xml version="1.0" encoding="UTF-8"?><collection xmlns="http://www.loc.gov/MARC21/slim"><record><leader>00649nam--2200181-i-4500</leader><controlfield tag="001">000011368</controlfield><controlfield tag="002">20161230</controlfield><controlfield tag="005">20170102215444</controlfield><controlfield tag="008">060222s1000------------r-----000-0-eng-d</controlfield><datafield ind1=" " ind2=" " tag="040"><subfield code="a">IFIN-HH</subfield></datafield><datafield ind1=" " ind2=" " tag="080"><subfield code="a">530.145(061.3):537.8(061.3):539.12.162.8(061.3)</subfield></datafield><datafield ind1="1" ind2=" " tag="100"><subfield code="a">Duimio, F</subfield></datafield><datafield ind1="1" ind2="0" tag="245"><subfield code="a">The IV International Symposium on Multiparticle Hadrodynamics Pavia (Collegio Ghisilieri) 31st August - 4th September, 1973</subfield><subfield code="b">Proceedings</subfield><subfield code="c">F. Duimio, A. Giovannini, S. Ratti (eds.)</subfield></datafield><datafield ind1=" " ind2=" " tag="260"><subfield code="a">Roma</subfield><subfield code="b">Instituto Nazionale Di Fisica Nucleare</subfield><subfield code="c">1973</subfield></datafield><datafield ind1=" " ind2=" " tag="300"><subfield code="a">XII+683P</subfield></datafield><datafield ind1="1" ind2=" " tag="700"><subfield code="a">Ratti, S</subfield><subfield code="e">Ed</subfield></datafield><datafield ind1=" " ind2=" " tag="852"><subfield code="a">42205</subfield><subfield code="c">539.131</subfield></datafield><datafield ind1=" " ind2=" " tag="CAT"><subfield code="a">SYS</subfield><subfield code="c">20170102</subfield><subfield code="h">215444</subfield></datafield></record></collection>